% =======================
% Article
% =======================

@article{MLP,
	AUTHOR = {Oliveira, Anderson and Souza, Ademária and Lacerda, Wilian and Gonçalves, Luciene},
	YEAR = {2010},
	MONTH = {04},
	PAGES = {},
	TITLE = {Aplicação de redes neurais artificiais na previsão da produção de álcool},
	VOLUME = {34},
	JOURNAL = {Ciencia E Agrotecnologia - CIENC AGROTEC},
	DOI = {10.1590/S1413-70542010000200002}
}

@manual{ATLAS,
	TITLE		= "{Atlas do Câncer Relacionado ao Trabalho no Brasil}",
	AUTHOR		= "Ministério da Saúde Brasil",
	ORGANIZATION	= " Secretaria de Vigilância em Saúde",
	ADDRESS	= "Brasília - DF",
	EDITION	= "1",
	YEAR		= "2018"
}

% =======================
% Internet
% =======================
@misc{ESTATISTICACANCER,
author="{Orgnização Pan-Americana de Saúde - OPAS Brasil}",
title={Organização Mundial da Saúde divulga novas estatísticas mundiais de saúde},
url={https://www.paho.org/bra/index.php?option=com\_content\&view=article\&id=5676:organizacao-mundial-da-saude-divulga-novas-estatisticas-mundiais-de-saude\&Itemid=843},
urlaccessdate="08/08/2019",
YEAR = "2018"
}

@misc{IAEMSAUDE,
author="{Luiz Carlos Lobo}",
title={Inteligência Artificial e Medicina},
url={http://www.scielo.br/scielo.php?script=sci\_arttext\&pid=S0100-55022017000200185\&lng=pt\&tlng=pt},
urlaccessdate="20/08/2019",
YEAR = "2018"
}


@misc{OQUEECANCER,
AUTHOR = {INSTITUTO NACIONAL DE CÂNCER},
TITLE = {O que é câncer?},
url={https://www.inca.gov.br/o-que-e-cancer},
urlaccessdate = "10/09/2019",
YEAR = "2018"
}


@misc{MOC,
AUTHOR = {Manual de Onclologia Clínica Brasil},
TITLE = {Publicado novo relatório sobre dados mundiais de incidência e mortalidade por câncer},
url={https://mocbrasil.com/blog/noticias/publicado-novo-relatorio-sobre-dados-mundiais-de-incidencia-e-mortalidade-por-cancer/},
urlaccessdate = "20/09/2019",
YEAR = "2018"
}


@misc{VENCER,
AUTHOR = {Instituto Vencer o CÂNCER},
TITLE = {É comum a imunidade cair durante o tratamento oncológico?},
url={https://www.vencerocancer.org.br/dia-a-dia-do-paciente/efeitos-colaterais/e-comum-a-imunidade-cair-durante-o-tratamento-oncologico/},
urlaccessdate = "16/09/2019",
YEAR = "2017"
}


@misc{DIAGNOSTICO,
AUTHOR = {Ministério da Saúde Brasil},
TITLE = {Diagnóstico},
url={http://www.saude.gov.br/atencao-especializada-e-hospitalar/especialidades/oncologia/diagnostico},
urlaccessdate = "21/09/2019",
YEAR = "2020"
}

@misc{BREASTCANCER,
AUTHOR = "Dua, Dheeru and Graff, Casey",
YEAR = "2017",
TITLE = "{UCI} Machine Learning Repository",
url = "http://archive.ics.uci.edu/ml",
INSTITUTION = "University of California, Irvine, School of Information and Computer Sciences",
urlaccessdate = "25/09/2019",
YEAR = "2018"
}


@misc{PYTHON,
AUTHOR = {Python Software Foundation},
TITLE = {Python},
url={https://www.python.org/},
urlaccessdate = "25/09/2019",
YEAR = "2020"
}


@misc{PANDAS,
AUTHOR = {AQR Capital Management},
TITLE = {Python Data Analysis Library},
url={https://pandas.pydata.org/},
urlaccessdate = "14/05/2020",
YEAR = "2020"
}


@misc{SCIKIT,
AUTHOR = {David Cournepeau},
TITLE = {Machine Learning in Python},
url={https://scikit-learn.org/stable/},
urlaccessdate = "26/09/2019",
YEAR = "2020"
}


@misc{GO,
AUTHOR = {Google},
TITLE = {Go},
url={https://golang.org/},
urlaccessdate = "04/10/2019",
YEAR = "2020"
}


@misc{JAVASCRIPT,
AUTHOR = {Mozilla},
TITLE = {JavaScript},
url={https://developer.mozilla.org/pt-BR/docs/Glossario/JavaScript},
urlaccessdate = "04/10/2019",
YEAR = "2020"
}



@misc{GLOBOCAN,
AUTHOR = {World Health Organization},
TITLE = {Globocan 2018 Latest global cancer data},
url={https://www.iarc.fr/infographics/globocan-2018-latest-global-cancer-data/},
urlaccessdate = "08/10/2019",
YEAR = "2018"
}



@misc{KNN,
AUTHOR = {Italo Jos\'e},
TITLE = {KNN (K-Nearest Neighbors)},
url={https://medium.com/brasil-ai/knn-k-nearest-neighbors-1-e140c82e9c4e},
urlaccessdate = "17/09/2019",
YEAR = "2018"
}

@misc{ARVOREDECISAO,
AUTHOR = {Raíssa Farinha},
TITLE = {Inteligência Artificial},
url={https://slideplayer.com.br/slide/358847/},
urlaccessdate = "30/09/2019",
YEAR = "2014"
}


@misc{RANDOMFOREST,
AUTHOR = {Manuel Zaforas},
TITLE = {Machine Learning para dummies},
url={https://www.paradigmadigital.com/techbiz/machine-learning-dummies/},
urlaccessdate = "30/04/2020",
YEAR = "2017"
}


@misc{SVM,
AUTHOR = {Toti Cavalcanti},
TITLE = {Support Vector Machine ou máquina de vetores de suporte},
url={https://www.codigofluente.com.br/wp-content/uploads/2019/06/SVM04.png},
urlaccessdate = "30/04/2020",
YEAR = "2019"
}


@misc{NAIVEBAYES,
AUTHOR = {Paolo Dell’Aversana},
TITLE = {Naïve Bayes classification of three different rock types based on nine mineralogical},
url={https://www.researchgate.net/profile/Paolo_Dellaversana/publication/328020065/figure/fig5/AS:677213301121033@1538471641906/Naive-Bayes-classification-of-three-different-rock-types-based-on-nine-mineralogical.png},
urlaccessdate = "30/04/2020",
YEAR = "2020"
}


@misc{CROSSVALIDATION,
AUTHOR = {Didática Tech},
TITLE = {O pacote Caret – linguagem R},
url={https://didatica.tech/o-pacote-caret-linguagem-r/},
urlaccessdate = "08/05/2019",
YEAR = "2020"
}


